@INPROCEEDINGS{mycitation,
  author={Subramanian, Sandya and Tseng, Bryan and Barbieri, Riccardo and Brown, Emery N},
  booktitle={2021 43rd Annual International Conference of the IEEE Engineering in Medicine & Biology Society (EMBC)}, 
  title={Unsupervised Machine Learning Methods for Artifact Removal in Electrodermal Activity}, 
  year={2021},
  volume={},
  number={},
  pages={399-402},
  keywords={Training;Support vector machines;Machine learning algorithms;Time series analysis;Pipelines;Surgery;Machine learning},
  doi={10.1109/EMBC46164.2021.9630535}}
